

@article{Ventura,
    author  = "V. Ventura",
    title   = "Automatic Spike Sorting Using Tuning Information",
    year    = "2009",
    journal = "Neural Computation",
}


@article{Ishwaran,
    author  = "J. Ishwaran and L. James",
    title   = "Gibbs sampling methods for stick-breaking priors",
    year    = "2001",
    journal = "Journal of the American Statistical Association",
    volume  = "96",
    number  = "",
    pages   = "161-174"
}



@ARTICLE{Szarowski03,
  AUTHOR =       "D.H. Szarowski and M.D. Andersen and S. Retterer and A.J. Spence and M. Isaacson and H.G. Craighead and J.N. Turner and W. Shain",
  TITLE =        "Brain responses to micro-machined silicon devices",
  JOURNAL =      "Brain Res.",
  YEAR =         "2003",
};





 @ARTICLE{Biran,
  AUTHOR =       "R. Biran and D.C. Martin and P.A. Tresco",
  TITLE =        "Neuronal cell loss accompanies the brain tissue response to chronically implanted silicon microelectrode arrays",
  JOURNAL =      "Exp. Neurol.",
  YEAR =         "2005",
};


@article{Santhanam,
    author  = "G. Santhanam and S.I. Ryu and B.M. Yu and A. Afshar and K.V. Shenoy",
    title   = "A high-performance brain–computer interface",
    year    = "2006",
    journal = "Nature",
    volume  = "",
    number  = "",
    pages   = ""
}


@article{Hofmann1999,
    author  = "T. Hofmann",
    title   = "Probabilistic latent semantic analysis",
    year    = "1999",
    journal = "Proc. Uncertainty in Artificial Intelligence",
    volume  = "",
    number  = "",
    pages   = ""
}


@article{Wood2005,
    author  = "F. Wood and S. Roth and M. J. Black",
    title   = "Modeling neural population spiking activity with {G}ibbs distributions",
    year    = "2005",
    journal = "Proc. Advances in Neural Information Processing Systems",
    volume  = "",
    number  = "",
    pages   = ""
}


@article{Santhanam2,
    author  = "G. Santhanam and M.D. Linderman and V. Gilja and A. Afshar and S.I. Ryu and T.H. Meng and K.V. Shenoy",
    title   = "Hermes{B}: {A} continuous neural recording system for freely behaving primates",
    year    = "2007",
    journal = "IEEE Trans. Biomedical Engineering",
    volume  = "",
    number  = "",
    pages   = ""
}



@article{Bar-Hillel,
   author = {A. Bar-Hillel and A. Spiro and E. Stark},   
   title = {Spike sorting: {B}ayesian clustering of non-stationary data},
   journal = {J. Neuroscience Methods},
   year = {2006}
}


@article{Pouzat,
   author = {C. Pouzat and M. Delescluse and P. Viot and J. Diebolt},   
   title = {Improved spike-sorting by modeling firing statistics and burst-dependent spike amplitude attenuation: A {M}arkov {C}hain {M}onte {C}arlo approach},
   journal = {J. Neurophysiology},
   year = {2004}
}


@article{Wu,
   author = {W. Wu and M. J. Black and Y. Gao and E. Bienenstock and M. Serruya and A. Shaikhouni and J. P. Donoghue},   
   title = {Neural decoding of cursor motion using a {K}alman filter},
   journal = {Proc. Advances in NIPS},
   year = {2003}
}


@article{Herbst,
   author = {J.A. Herbst and S. Gammeter and D. Ferrero and R.H.R. Hahnloser},   
   title = {Spike sorting with hidden {M}arkov models},
   journal = {J. Neuroscience Methods},
   year = {2008}
}

@article{Gao,
   author = {Y. Gao and M. J. Black and E. Bienenstock and S. Shoham and J. P. Donoghue},   
   title = {Probabilistic inference of arm motion from neural activity in motor cortex},
   journal = {Proc. Advances in NIPS},
   year = {2002}
}




@article{Lewicki,
   author = {M. S. Lewicki},   
   title = {A review of methods for spike sorting: the detection and classification of neural action potentials},
  journal = {Network: Computation in Neural Systems},
   year = {1998}
}


@article{Nicolelis,
   author = {M.A. Nicolelis},   
   title = {Brain-machine interfaces to restore motor function and probe neural circuits},
  journal = {Nature reviews: {N}euroscience},
   year = {2003}
}


@article{Dilan,
   author = {D. Gorur and C. Rasmussen and A. Tolias and F. Sinz and N. Logothetis},   
   title = {Modelling Spikes with Mixtures of Factor Analysers},
   journal = {Pattern Recognition},
      year = {2004}
}

@ARTICLE{Escobar95bayesiandensity,
    author = {Michael D. Escobar and Mike West},
    title = {Bayesian density estimation and inference using mixtures},
    journal = {Journal of the American Statistical Association},
    year = {1995},
    volume = {90},
    pages = {577--588}
}

@article{Blei2003,
    author  = "D. M. Blei and A. Y. Ng and M. I. Jordan",
    title   = "Latent {D}irichlet allocation",
    year    = "2003",
    journal = "Journal of Machine Learning Research",
    volume  = "3",
    number  = "",
    pages   = "993-1022"
}
@article{Blei2006,
    author  = "D. M. Blei and J. D. Lafferty",
    title   = "Dynamic topic models",
    year    = "2006",
    journal = "Proceedings of the 23rd International Conference on Machine Learning",
    volume  = "",
    number  = "",
    pages   = "113-120"
}

@ARTICLE{PYor,
  AUTHOR =       "H. Ishwaran and L.F. James",
  TITLE =        "Gibbs sampling methods for stick-breaking priors",
  JOURNAL =      "J. Am. Stat. Ass.",
  YEAR =         "2001",
}


@Article{Hoffman_onlinelearning,
    author = {M.D. Hoffman and D.M. Blei and F. Bach},
    title = {Online Learning for Latent {D}irichlet Allocation},
    year = {2010},
    journal ={Proc. NIPS},
}



@Article{Mairal10,
  author = 	 "J. Mairal and F. Bach and J. Ponce and G. Sapiro",
  title = 	 "Online learning for matrix factorization and sparse coding",
  journal =	 "J. Machine Learning Research",
  year =	 "2010",
}


@Article{Papaspiliopoulos08,
  author = 	 "O. Papaspiliopoulos and G. O. Roberts",
  title = 	 "Retrospective {M}arkov {C}hain {M}onte {C}arlo Methods for {D}irichlet Process Hierarchiacal Models",
  journal =	 "Biometrika",
  year =	 "2008",
}


@article{Dunson2006,
    author  = "D. B. Dunson",
    title   = "Bayesian dynamic modeling of latent trait distributions",
    year    = "2006",
    journal = "Biostatistics",
    volume  = "7",
    number  = "",
    pages   = "551-568"
}
@article{Ferguson1973,
    author  = "T. S. Ferguson",
    title   = "A {B}ayesian analysis of some nonparametric problems",
    year    = "1973",
    journal = "The Annals of Statistics",
}
@article{Ferguson1974,
    author  = "T. S. Ferguson",
    title   = "Prior distributions on spaces of probability measures",
    year    = "1974",
    journal = "The Annals of Statistics",
    volume  = "2",
    number  = "4",
    pages   = "615-629"
}
@article{DunsonBGPPM2007,
    author  = "J.-H. Park and D. B. Dunson",
    title   = "Bayesian Generalized Product Partition Model",
    year    = "2006",
    journal = "",
    volume  = "",
    number  = "",
    pages   = ""
}
@article{DunsonKSBP2007,
    author  = "D. B. Dunson and J.-H. Park",
    title   = "Kernel stick-breaking processes",
    year    = "2007",
    journal = "Biometrika",
    volume  = "",
    number  = "",
    pages   = ""
}
@article{Canny2006,
    author  = "J. F. Canny and T. L. Rattenbury",
    title   = "A dynamic topic model for document segmentation",
    year    = "2006",
    journal = "Technical Report, Department of Electrical Engineering and Computer Sciences, University of California at Berkeley",
    volume  = "",
    number  = "",
    pages   = ""
}



@book{GP,
    author  = "C.E. Rasmussen and C. Williams",
    title   = "Gaussian Processes for Machine Learning",
    year    = "2006",
    publisher = "MIT Press",
    volume  = "",
    number  = "",
    pages   = ""
}


@article{Wallach2006,
    author  = "H. M. Wallach",
    title   = "Topic modeling: beyond bag of words",
    year    = "2006",
    journal = "Proceedings of the 23rd International Conference on Machine Learning",
    volume  = "",
    number  = "",
    pages   = ""
}
@article{Srebro2005,
    author  = "N. Srebro and S. Roweis",
    title   = "Time-varying topic models using dependent Dirichlet processes",
    year    = "2005",
    journal = "Technical Report, Department of Computer Science, University of Toronto",
    volume  = "",
    number  = "",
    pages   = ""
}
@article{Sethuraman1994,
    author  = "J. Sethuraman",
    title   = "A constructive definition of Dirichlet priors",
    year    = "1994",
    journal = "Statistica Sinica",
    volume  = "4",
    number  = "",
    pages   = "639-650"
}
@article{Teh2005,
    author  = "Y. W. Teh and M. I. Jordan and M. J. Beal and D. M. Blei",
    title   = "Hierarchical Dirichlet processes",
    year    = "2005",
    journal = "J. Am. Stat. Ass.",

}
@article{MacKay1997,
    author  = "D. J. C. MacKay",
    title   = "Ensemble learning for hidden Markov models",
    year    = "1997",
    journal = "Technical Report, Cavendish Laboratory, University of Cambridge",
    volume  = "",
    number  = "",
    pages   = ""
}

@article{Wood2009,
    author  = "J. Gasthaus and F. Wood and D. Gorur and Y.W. Teh",
    title   = "Dependent {D}irichlet process spike sorting",
    year    = "2009",
    journal = "In Advances in Neural Information Processing Systems ",
    volume  = "",
    number  = "",
    pages   = ""
}



@article{Beal2003,
    author  = "M. J. Beal",
    title   = "Variational algorithms for approximate Bayesian inference",
    year    = "2003",
    journal = "Gatsby Computational Neuroscience Unit, Ph.D. thesis, University College London",
    volume  = "",
    number  = "",
    pages   = ""
}
@article{Zhang2004,
    author  = "J. Zhang and Z. Ghahramani and Y. Yang",
    title   = "A probabilistic model for online document clustering with application to novelty detection",
    year    = "2004",
    journal = "Proceedings of Neural Information Processing Systems",
    volume  = "",
    number  = "",
    pages   = ""
}
@article{Rodgers1966,
    author  = "P. C. Rodgers",
    title   = "A discourse centered rhetoric of the paragraph",
    year    = "1966",
    journal = "College Composition and Communication",
    volume  = "17",
    number  = "1",
    pages   = "2-11"
}
@article{Lu2008,
    author  = "L. Ren and D. B. Dunson and L. Carin",
    title   = "The dynamic hierarchical Dirichlet process",
    year    = "2008",
    journal = "International Conference on Machine Learning",
    volume  = "",
    number  = "",
    pages   = ""
}
@article{AnKSBP2008,
    author  = "Q. An and E. Wang and I. Shterev and L. Carin. and D. B. Dunson",
    title   = "Hierarchical kernel stick-breaking process for multi-task image analysis",
    year    = "2008",
    journal = "Proceedings of the 25th International Conference on Machine Learning",
    volume  = "",
    number  = "",
    pages   = ""
}
@article{BleiCTM2007,
    author  = "D. M. Blei and J. D. Lafferty",
    title   = "A correlated topic model of science",
    year    = "2007",
    journal = "The Annals of Applied Statistics",
    volume  = "1",
    number  = "1",
    pages   = "17-35"
}
@article{Raftery1991,
    author  = "A. E. Raftery and S. Lewis",
    title   = "How many iterations in the Gibbs sampler?",
    year    = "1991",
    journal = "",
    volume  = "",
    number  = "",
    pages   = ""
}
@article{Paisley2007,
    author  = "J. W. Paisley",
    title   = "Machine learning applications in music recommendations",
    year    = "2007",
    journal = "Electrical and Computer Engineering, Master thesis, Duke University",
    volume  = "",
    number  = "",
    pages   = ""
}
@article{Winn2005,
    author  = "J. Winn and C. M. Bishop",
    title   = "Variational message passing",
    year    = "2005",
    journal = "Journal of Machine Learning Research",
    volume  = "6",
    number  = "",
    pages   = "661-694"
}
@article{Blei2007,
    author  = "D. M. Blei and J. D. McAuliffe",
    title   = "Supervised topic models",
    year    = "2007",
    journal = "In Advances in Neural Information Processing Systems 21",
    volume  = "",
    number  = "",
    pages   = ""
}
@article{Pruteanu2008,
    author  = "I. Pruteanu-Malinici and L. Carin",
    title   = "Infinite hidden Markov model for unusual-event detection in video",
    year    = "2008",
    journal = "IEEE Transactions on Image Processing",
    volume  = "17",
    number  = "5",
    pages   = "811-822"
}
@article{Yuting2007,
    author  = "Y. Qi and J. W. Paisley and L. Carin",
    title   = "Music analysis using hidden Markov mixture models",
    year    = "2007",
    journal = "IEEE Transactions on Signal Processing",
    volume  = "55",
    number  = "11",
    pages   = "5209-5224"
}
@article{Blei2004,
    author  = "D. M. Blei and M. I. Jordan",
    title   = "Variational methods for the Dirichlet process",
    year    = "2004",
    journal = "Proceedings of the 21st International Conference on Machine Learning",
    volume  = "",
    number  = "",
    pages   = ""
}
@article{Gruber2007,
    author  = "A. Gruber and M. Rosen-Zvi and Y. Weiss",
    title   = "Hidden topic Markov models",
    year    = "2007",
    journal = "Artificial Intelligence and Statistics",
    volume  = "",
    number  = "",
    pages   = ""
}
@article{Rijsbergen1979,
    author  = "C. J. van Rijsbergen and S. E. Robertson and M. F. Porter",
    title   = "Information retrieval",
    year    = "1979",
    journal = "Butterworths, London, 2nd edition",
    volume  = "6",
    number  = "",
    pages   = "111-143"
}
@article{Welling2007,
    author  = "M. Welling and I. Porteous and E. Bart",
    title   = "Infinite state bayes-nets for structured domains",
    year    = "2007",
    journal = "Proceedings of the International Conference on Neural Information Processing Systems",
    volume  = "",
    number  = "",
    pages   = ""
}
@article{Pennell2006,
    author  = "M. L. Pennell and D. B. Dunson",
    title   = "Bayesian semiparametric dynamic frailty models for multiple event time data",
    year    = "2006",
    journal = "Biometrics",
    volume  = "6",
    number  = "",
    pages   = "1044-1052"
}
@article{BleiVB2006,
    author  = "D. M. Blei and M. I. Jordan",
    title   = "Variational inference for Dirichlet process mixtures",
    year    = "2006",
    journal = "Bayesian Analysis",
    volume  = "1",
    number  = "1",
    pages   = "121-144"
}
@article{Liang2007,
    author  = "P. Liang and S. Petrov and M. I. Jordan and D. Klein",
    title   = "The infinite PCFG using hierarchical Dirichlet processes",
    year    = "2007",
    journal = "Proceedings of the 2007 Joint Conference on Empirical Methods in Natural Language Processing and Computational Natural Language Learning",
    volume  = "",
    number  = "",
    pages   = "688-697"
}
@article{Ishwaran2002,
    author  = "H. Ishwaran and M. Zarepour",
    title   = "Exact and approximate sum representations for the Dirichlet process",
    year    = "2002",
    journal = "The Canadian Journal of Statistics",
    volume  = "30",
    number  = "2",
    pages   = "269-283"
}
@article{Wang2006,
    author  = "X. Wang and A. McCallum",
    title   = "Topics over time: a non-Markov continuous-time model of topical trends",
    year    = "2006",
    journal = "The Twelfth ACM SIGKDD International Conference on Knowledge Discovery and Data Mining",
    volume  = "",
    number  = "",
    pages   = "424-433"
}
@article{Calabrese2010,
    author  = "A. Calabrese and L. Paniski",
    title   = "Kalman filter mixture model for spike sorting of non-stationary data.",
    year    = "2010",
    journal = "J. Neuroscience Methods",
    volume  = "",
    number  = "",
    pages   = ""
}
@article{Henze2000,
    author  = "D. A. Henze and Z. Borhegyi and J. Csicsvari and A. Mamiya and K. D. Harris and G. Buzsaki.",
    title   = "Intracellular feautures predicted by extracellular recordings in the hippocampus in Vivo.",
    year    = "2010",
    journal = "J. Neurophysiology",
    volume  = "",
    number  = "",
    pages   = ""
}
@article{Letelier2000,
	author = "J. C. Letelier and P. P. Weber",
    title   = "Spike sorting based on discrete wavelet transform coefficients.",
    year    = "2000",
    journal = "J. Neuroscience Methods",
    volume  = "",
    number  = "",
    pages   = ""
}
