@article{candes2011robust,
  title={Robust principal component analysis?},
  author={Candes, Emmanuel J and Li, Xiaodong and Ma, Yi and Wright, John},
  journal={Journal of the ACM},
  volume={58},
  number={3},
  year={2011},
  publisher={Association for Computing Machinery, One Astor Plaza New York NY 10036-5701 United States}
}



@ARTICLE{Zhou12,
  AUTHOR =       "M. Zhou and H. Chen and J. Paisley and L. Ren and L. Li and Z. Xing and D. Dunson and G. Sapiro and L. Carin",
  TITLE =        "Nonparametric Bayesian Dictionary Learning for Analysis of Noisy and Incomplete Images",
  JOURNAL =      "IEEE Trans. Image Processing",
  YEAR =         "2012",
};


@ARTICLE{Kipke11,
  AUTHOR =       "J.P. Seymour and N.B. Langhals and D.J. Anderson and D.R. Kipke",
  TITLE =        "Novel multi-sided, microelectrode arrays for implantable neural applications",
  JOURNAL =      "Biomed Microdevices",
  YEAR =         "2011",
};


  

@ARTICLE{tetrode,
  AUTHOR =       "A.A. Emondi and S.P. Rebrik  and A.V. Kurgansky and K.D. Miller",
  TITLE =        "Tracking neurons recorded from tetrodes across time",
  JOURNAL =      "J. Neuro. Meth.",
  YEAR =         "2004",
};


@article{Carvalho,
  author = "C. Carvalho and J. Chang and J. Lucas and J.R. Nevins and Q. Wang and M. West",
  title = "High-Dimensional Sparse Factor Modelling: Applications in Gene Expression Genomics",
  journal = "Journal of the American Statistical Association",
  pages = "1438-1456",
  volume = "103",
  year = "2008"
}

@INPROCEEDINGS{HKSBP,
    author = {Q. An and C. Wang and I. Shterev and E. Wang and D.B. Dunson and L. Carin},
    title = {Hierarchical Kernel Stick-Breaking Process for Multi-Task Image Analysis},
    year = {2008},
    booktitle={ICML},
}

@ARTICLE{microglia,
  AUTHOR =       "Z. Soltys and O. Orzylowska-Sliwinska and M. Zaremba and D. Orlowski and M. Piechota and A. Fiedorowicz and K. Janeczko and B. Oderfeld-Nowak",
  TITLE =        "Quantitative morphological study of microglial cells in the ischemic rat brain using principal component analysis",
  JOURNAL =      "J. Neuro. Meth.",
  YEAR =         "2005",
};


@ARTICLE{Lmeasures,
  AUTHOR =       "R. Scorcioni and S. Polavaram and G.A. Ascoli",
  TITLE =        "L-Measure: a web-accessible tool for the analysis, comparison and search of digital reconstructions of neuronal morphologies",
  JOURNAL =      "Nature Protocols",
  YEAR =         "2008",
};

@ARTICLE{Badri08,
  AUTHOR =       "C.S. Bjornsson and G. Lin and Y. Al-Kafahi and K.L. Smith and W. Shain and B. Roysam",
  TITLE =        "Computer-aided classification of cells in complex brain tissue from 5-channel 3-{D} confocal datasets",
  JOURNAL =      "J. Neuro. Meth.",
  YEAR =         "2008",
};




@article{Castillo,
    author  = "I. Castillo and A. van der Vaart",
    title   = "Needles and straws in a haystack: Posterior concentration for possibly sparse sequences",
    year    = "2012",
    journal = "Arxiv preprint math",
}

@article{Dunson07KSBP,
    author  = "D.B. Dunson and J.-H. Park",
    title   = "Kernel Stick-Breaking Process",
    year    = "2008",
    journal = "Biometrika",
}

@book{SVM,
  author = "N. Cristianini and J. Shawe-Taylor",
  title = "An Introduction to Support Vector Machines",
  publisher = "Cambridge University Press",
  year = "2000"
}

@MISC{Bhattacharya_sparsebayesian,
    author = {A. Bhattacharya and D.B. Dunson},
    JOURNAL = "Biometrika",
    title = {Sparse Bayesian infinite factor models},
    year = {2010}
}


@book{GP,
    author  = "C.E. Rasmussen and C. Williams",
    title   = "Gaussian Processes for Machine Learning",
    year    = "2006",
    publisher = "MIT Press",
    volume  = "",
    number  = "",
    pages   = ""
}


@book{kingman,
    author  = "J.F.C. Kingman",
    title   = "Poisson Processes",
    year    = "2002",
    publisher = "Oxford Press",
    volume  = "",
    number  = "",
    pages   = ""
}


@ARTICLE{Chen,
  AUTHOR =       "J. Chen and X. Huo",
  TITLE =        "Theoretical results on sparse representations of multiple-measurement vectors",
  JOURNAL =      "IEEE Trans. Sigal Process",
  YEAR =         "2006",
};



@ARTICLE{LSBP,
  AUTHOR =       "L. Ren and  L. Du and L. Carin and D. B. Dunson",
  TITLE =        "Logistic Stick-Breaking Process",
  JOURNAL =      "J. Machine Learning Research",
  YEAR =         "2011",
};






@ARTICLE{Mishali,
  AUTHOR =       "M. Mishali and Y. C. Eldar",
  TITLE =        "Reduce and boost: Recovering arbitrary sets of jointly sparse vectors",
  JOURNAL =      "IEEE Trans. Sigal Process.",
  YEAR =         "2008",
};

@ARTICLE{Tropp06,
  AUTHOR =       "J. Tropp",
  TITLE =        "Algorithms for simultaneous sparse approximation. part {II}: Convex relaxation",
  JOURNAL =      "Signal Process.",
  YEAR =         "2006",
};

@ARTICLE{Olshausen,
  AUTHOR =       "B.A. Olshausen and D. J. Field",
  TITLE =        "Sparse coding with an overcomplete basis set: {A} strategy employed by {V}1?",
  JOURNAL =      "Vision Research",
  YEAR =         "1997",
  volume =       "37",
};


@inproceedings{knowles,
  author =        {D. Knowles and Z. Ghahramani},
  title =         {Infinite Sparse Factor Analysis and Infinite Independent Components Analysis},
  booktitle = {  Independent Component Analysis and Signal Separation},
  year =      {2007},
  editor =    {},
  volume =    {}
}


@inproceedings{dHBP,
  author =        {M. Zhou and H. Yang and G. Sapiro and D. Dunson and L. Carin},
  title =         {Dependent Hierarchical Beta Process for Image Interpolation and Denoising},
  booktitle = {AISTATS},
  year =      {2011},
  editor =    {},
  volume =    {}
}




@ARTICLE{Richard07,
  AUTHOR =       "R.G. Baraniuk",
  TITLE =        "Compressive sensing",
  JOURNAL =      "IEEE Signal Process. Magazine",
  YEAR =         "2007",
};

@article{RVM,
    author = {M. Tipping},
    journal = {Journal of Machine Learning Research},
    month = {June},
    title = {Sparse {B}ayesian Learning and the Relevance Vector Machine},
    volume = {1},
    year = {2001}
}


@ARTICLE{Antoniak74,
  AUTHOR =       "C. Antoniak",
  TITLE =        "Mixtures of Dirichlet processes with applications to Bayesian nonparametric problems",
  JOURNAL =      "The Annals of Statistics",
  YEAR =         "1974",
  number =       "2",
  pages =        "1152-1174",
};

@article{Lasso,
  author = "R. Tibshirani",
  title = "Regression shrinkage and selection via the lasso",
  journal = "J. Royal. Statist. Soc B.",
  volume = "58",
  pages = "267-288",
  year = "1996"
}

@article{Hjort,
  author = "N. L. Hjort",
  title = "Nonparametric {B}ayes Estimators Based on Beta Processes in Models for Life History Data",
  journal = "Annals of Statistics",
  year = "1990"
}

@article{West,
  author = "Mike West",
  title = "Bayesian Factor Regression Models in the ``Large p, Small n'' Paradigm",
  journal = "Bayesian Statistics",
  volume = "7",
  pages = "723-732",
  year = "2003"
}

@article{HGDPCEPH,
  author = "Noah A. Rosenberg and Jonathan K. Pritchard and James L. Weber and Howard M. Cann and Kenneth K. Kidd and Lev A. Zhivotovsky and Marcus W. Feldman",
  title = "Genetic Structure of Human Populations",
  journal = "Science",
  volume = "298",
  pages = "2381-2385",
  year = "2002"
}

@article{face_class,
  author = "J. Wright and A.Y. Yang and A. Ganesh and S.S. Sastry and Y. Ma",
  title = "Robust Face Recognition via Sparse Representation",
  journal = "IEEE Trans. Pattern Analysis Machine Intelligence",
  year = "2009"
}


@article{face_comp,
  author = "O. Bryt and M. Elad",
  title = "Compression of facial images using the K-SVD algorithm",
  journal = "J. Vis. Commun. Image R.",
  volum = "19",
  year = "2008"
}

@article{Candes09rpca,
  author = {E. J. Cand\`{e}s and X. Li and Y. Ma and J. Wright},
  title = {Robust Principal Component Analysis?},
  journal = {Submitted to Journal of the ACM},
  volume = {},
  pages = {},
  year = {2009}
}


@inproceedings{Wright09,
    author = {J. Wright and Y. Peng and Y. Ma and A. Ganesh and S. Rao},
    title = {Robust Principal Component Analysis: Exact Recovery of Corrupted Low-Rank Matrices by Convex Optimization},
    booktitle = {  NIPS },
    year = {2009}
}

@inproceedings{Ng_ICML07,
  author =        {R. Raina and A. Battle and H. Lee and B. Packer and A.Y. Ng},
  title =         {Self-taught learning: transfer learning from unlabeled data},
  booktitle = {  ICML},
  year =      {2007},
}

@inproceedings{JordanBP,
  author =        {R. Thibaux and M. I. Jordan},
  title =         "{Hierarchical beta processes and the Indian buffet process}",
  booktitle = {AISTATS},
  year =      {2007},
  editor =    {},
}

@article{BDR,
author = {D. B. Dunson and N. S. Pillai and J.-H. Park},
title = {Bayesian density regression},
journal = {Journal of the Royal Statistical Society B},
year = 2007}



@inproceedings{Mingyuan09,
  author =        {M. Zhou and H. Chen and J. Paisley and L. Ren and G. Sapiro and L. Carin},
  title =         {Non-Parametric {B}ayesian Dictionary Learning for Sparse Image Representations},
  booktitle = {  NIPS},
  year =      {2009},
  editor =    {},
  volume =    {}
}

@inproceedings{Rai,
  author =        {P. Rai and H. Daum\'{e}},
  title =         {The infinite hierarchical factor regression model},
  booktitle = {  NIPS},
  year =      {2008},
  editor =    {},
  volume =    {}
}

@inproceedings{IBP,
  author =        {T. L. Griffiths and Z. Ghahramani},
  title =         "{Infinite latent feature models and the Indian buffet process}",
  booktitle = {  NIPS},
  year =      {2005},
}



@inproceedings{NPB_FA,
  author =        {P. Rai and H. Daume III},
  title =         {Nonparametric Bayesian Sparse Hierarchical Factor Modeling and Regression},
  booktitle = {  NIPS},
  year =      {2008},
  editor =    {},
  volume =    {}
}




@inproceedings{BLF,
  author =        {Edward Meeds and Zoubin Ghahramani and Radford Neal and Sam Roweis},
  title =         {Modeling Dyadic Data with Binary Latent Factors},
  booktitle = {  NIPS},
  year =      {2007},
  pages =     {977-984}
}

@inproceedings{mStruct,
  author =        {Suyash Shringarpure and Eric P. Xing},
  title =         {mStruct: A New Admixture Model for Inference of Population Structure in Light of Both Genetic Admixing and Allele Mutation},
  booktitle = {  ICML},
  year =      {2008},
  editor =    {},
  pages =     {952-959}
}

@techreport{PaisleyBPstick,
  author =        {John Paisley and Lawrence Carin},
  title =         {A Stick-Breaking Construction of the Beta Process},
  institution =  {Duke University, ee.duke.edu/$\sim$jwp4/StickBP.pdf},
  year =          {2009},
  number =       {}
}

@phdthesis{bealphd,
  author = {M.J. Beal},
  title =  {Variational Algorithms for Approximate Bayesian Inference},
  school = {Gatsby Computational Neuroscience Unit, University College London},
  year =   {2003}
}

@article{Ferguson73,
  author = "T. Ferguson",
  title = "A {B}ayesian analysis of some nonparametric problems",
  journal = "The Annals of Statistics",
  year = "1973"
}

@article{Multi_probit,
  author = "M. Girolami and S. Rogers",
  title = "Variational {B}ayesian multinomial probit regression with {G}aussian process priors",
  journal = "Neural Computation",
  year = "2006"
}


@article{aldous,
  author = "D. Aldous",
  title = "Exchangeability and related topics",
  journal = "\'{E}cole d'ete de probabilit\'{e}s de Saint-Flour XIII-1983",
  pages = "1-198",
  year = "1985"
}

@book{billingsley,
  author = "P. Billingsley",
  title = "Probability and Measure, 3rd edition",
  publisher = "Wiley Press, New York",
  year = "1995"
}

@article{sethuraman,
  author = "J. Sethuraman",
  title = "A constructive definition of {D}irichlet priors",
  journal = "Statistica Sinica",
  year = "1994"
}

@inproceedings{tehSB,
  author =        {Yee Whye Teh and Dilan G\"{o}r\"{u}r and Zoubin Ghahramani},
  title =         "{Stick-breaking construction for the Indian buffet process}",
  booktitle = {
AISTATS},
  year =      {2007},
  editor =    {},
  volume =    {}
}


@inproceedings{Sapiro_ICML09,
  author =        {J. Mairal and F. Bach and J. Ponce and G. Sapiro},
  title =         {ONLINE DICTIONARY LEARNING FOR SPARSE CODING},
  booktitle = {  ICML},
  year =      {2009},
  editor =    {},
  volume =    {}
}

@inproceedings{Sapiro_NIPS08,
  author =        {J. Mairal and F. Bach and J. Ponce and G. Sapiro and A. Zisserman},
  title =         {Supervised Dictionary Learning},
  booktitle = {  NIPS},
  year =      {2008},
}


@article{HDP,
  author = "Y. W. Teh and M. I. Jordan and M. J. Beal and D. M. Blei",
  title = "Hierarchical Dirichlet processes",
  journal = "Journal of the American Statistical Association",
  pages = "101:1566-1581",
  year = "2006"
}

@article{Enet,
  author = "H. Zou and T. Hastie",
  title = "Regularization and variable selection via the elastic net",
  journal = "J. Royal. Statist. Soc B.",
  year = "2005"
}

@ARTICLE{Candes06_3,
  author = "E. Cand\`{e}s and T. Tao",
  title = "Near-optimal signal recovery from random projections and universal encoding strategies",
  JOURNAL =      "IEEE Trans. Inform. Theory",
  year = "2006",
  volume= "52",
  nunumber ="12",
};

@ARTICLE{SparseRest,
title={Sparse Representation for Color Image Restoration},
author={J. Mairal and M. Elad and G. Sapiro},
journal={IEEE Trans. on Image Process.},
year={2008},
volume={17},
}


@ARTICLE{KSVD,
title={The {K-SVD}: An algorithm for designing of overcomplete dictionaries for sparse representations},
author={M. Aharon and M. Elad and A. M. Bruckstein},
journal={IEEE Trans. Signal Process.},
year={2006},
}


@ARTICLE{KSVD_Denoising,
title={Image denoising via sparse and redundant representations over learned dictionaries},
author={M. Elad and M. Aharon},
journal={IEEE Trans. Image Process.},
year={2006},
}

@inproceedings{Lecun,
    author = {M. Ranzato and C. Poultney and S. Chopra and Y. Lecun},
    booktitle = {  NIPS},
    title = {Efficient Learning of Sparse Representations with an Energy-Based Model},
    year = {2006}
}

@ARTICLE{BCS,
title={Bayesian Compressive Sensing},
author={S. Ji and Y. Xue and L. Carin},
journal={IEEE Trans. on Signal Process.},
year={2008},
volume={56},
}


@ARTICLE{CS_IMA,
title={LEARNING TO SENSE SPARSE SIGNALS: SIMULTANEOUS SENSING MATRIX AND SPARSIFYING DICTIONARY OPTIMIZATION},
author={J. M. Duarte-Carvajalino and G. Sapiro},
journal={IMA Preprint Series 2211},
year={2008},
}

@inproceedings{BPFA,
    author = {J. Paisley and L. Carin},
    booktitle = {  ICML},
    title = {Nonparametric Factor Analysis with Beta Process Priors},
    year = {2009}
}


@ARTICLE{PSBP,
title={Nonparametric Bayesian models through probit stickbreaking processes},
author={A. Rodriguez and D. B. Dunson},
journal={Univ. California Santa Cruz Technical Report},
year={2009},
}

@inproceedings{SBP,
    title = "{Indian buffet processes with power-law behavior}",
    author = {Y. W. Teh and D. Gorur},
    year = {2009},
   booktitle = {  NIPS},
   }

@ARTICLE{SliceSampling,
title={Gibbs sampling for {B}ayesian non-conjugate and hierarchical models by using auxiliary variables},
author={P. Damlen and J. Wakefield and S. Walker},
journal={Journal of the Royal
Statistical Society B Stat. Methodol},
year={1999},
}

@ARTICLE{MCMC,
title={{M}onte {C}arlo sampling methods using {M}arkov chains
and their application},
author={W. Hastings},
journal={Biometrika},
year={1970},
}

@ARTICLE{DataAugment,
title={The Art of Data
Augmentation},
author={D.A. van Dyk and X. Meng},
journal={Journal of Computational and Graphical Statistics},
year={2001},
}


@INPROCEEDINGS{diffmaps,
    author = {B. Nadler and S. Lafon and R. R. Coifman and I. G. Kevrekidis},
    title = {Diffusion Maps, Spectral Clustering and Eigenfunctions of {F}okker-{P}lanck Operators},
    booktitle = {  NIPS},
    year = {2005},
}


@article{Isomap,
  author = {J. B. Tenenbaum and V. Silva and J. C. Langford},
  journal = {Science},
  title = {A Global Geometric Framework for Nonlinear Dimensionality Reduction},
   year = 2000,
}

@INPROCEEDINGS{CVPR_dict,
author = {J. Mairal and F. Bach and J. Ponce and G. Sapiro and A. Zisserman},
    title = {Discriminative learned dictionaries for local image analysis},
    booktitle = {  CVPR},
    year = {2008},
}

@INPROCEEDINGS{IBP_tree,
author = {K. Miller and T. Griffiths and M. I. Jordan.},
    title = "{The phylogenetic Indian buffet process: A non-exchangeable nonparametric prior for latent features}",
    booktitle = {  UAI},
    year = {2008},
}

@INPROCEEDINGS{dIBP,
    author = {S. Williamson and P. Orbanz and Z. Ghahramani},
    title = "{Dependent Indian buffet processes}",
    booktitle = {
AISTATS},
    year = {2010},
}


@article{Levy_Sato,
author = {K. Sato},
title = {L\'evy processes and infinitely divisible distributions},
year = {1999},
masid = {2043401}
}

@incollection{TehJor2010a,
Author =        {Y. W. Teh and M. I. Jordan},
Title =         {Hierarchical {B}ayesian Nonparametric Models with Applications},
Booktitle =     {Bayesian Nonparametrics: Principles and Practice},
Editor =        {N. Hjort and C. Holmes and P. M{\"u}ller and S. Walker},
Publisher =     {Cambridge University Press},
Year =          {2010}}


@book{BM,
  author = "Peter {M\"orters} and Yuval Peres",
  title = "Brown motion",
  publisher = "Cambridge University Press",
  year = "2010"
}

@book{Applebaum,
  author = {D. Applebaum},
  title = {Levy Processes and Stochastic Calculus},
  publisher = {Cambridge University Press},
  year = {2009}
}






@article{Sethuraman1994,
author = {J. Sethuraman},
title = {A constructive definition of Dirichlet priors},
year = {1994},
masid = {2030929}
}

@inproceedings{DDP,
author = {S. N. MacEachern},
title = {Dependent {N}onparametric {P}rocesses},
booktitle = {In Proceedings of the Section on Bayesian Statistical Science},
year = {1999}
}


@inproceedings{HPY,
title= "A Hierarchical {B}ayesian Language Model based on {P}itman-{Y}or Processes",
author= "Y. W. Teh",
booktitle= "Proceedings of the 21st International Conference on Computational Linguistics and 44th Annual Meeting of the Association for Computational Linguistics",
pages= "985-992",
year= "2006",
url= {http://www.aclweb.org/anthology/P/P06/P06-1124}
}



@article{KSBP,
author = {D. B. Dunson and J.-H. Park},
title = {Kernel stick-breaking processes},
journal = {Biometrika},
volume = {95},
year = {2008},
pages = {307--323},
doi = {10.1093/biomet/asn012},
masid = {4555396}
}

@incollection{Lin2010,
 title = {Construction of Dependent Dirichlet Processes based on Poisson Processes},
 author = {Dahua Lin and Eric Grimson and John Fisher},
 booktitle = {Advances in Neural Information Processing Systems 23},
 pages = {1396--1404},
 year = {2010}
}

@inproceedings{CRM,
  author =        {J. F. C. Kingman},
  title =         {Completely Random Measure},
  booktitle = {Pacific Journal of Mathematics},
  year =      {1967},
  editor =    {},
  volume =    {21(1):59-78}
}

@article{dHDP,
author = {L. Ren and D. Dunson and S. Lindroth and L. Carin},
title = {Dynamic Nonparametric Bayesian Models for Analysis of Music},
journal = {Journal of The American Statistical Association},
volume = {105},
year = {2010},
pages = {458--472},
doi = {10.1198/jasa.2009.ap08497},
masid = {12948454}
}
